2517 4242
193 404 247 488 62
459 402 777 488 CARMIN
794 410 850 520 Α

192 571 284 639 Arma
298 572 375 635 inter
392 568 516 656 politam
530 570 645 656 speilat
661 569 776 640 fabriliu
789 572 915 661 limamq

232 706 357 793 Arripit,
374 721 462 792 atque
481 725 597 772 novum
607 707 717 794 gaudet
729 707 835 795 adepte
852 712 974 777 cibum.

191 843 252 911 Sed
267 845 397 908 nimium
419 841 504 907 duras
524 842 614 907 avido
631 818 789 931 depascere
802 848 904 911 morsu

232 969 319 1037 Dum
336 983 417 1055 parnt
430 967 479 1032 illa
488 967 591 1055 dapes,
609 968 734 1035 vulnere
749 969 816 1036 laesu
829 970 926 1038 dolet.
973 972 976 977 ’

194 1109 281 1198 Quid
296 1108 411 1172 ferrum
426 1104 531 1172 rabido
549 1109 752 1194 nequicquam
769 1106 861 1174 dente
879 1109 1006 1196 fatigas?

234 1242 275 1308 Et
284 1240 398 1322 dentes,
420 1236 503 1322 queis
518 1252 549 1302 te
561 1237 634 1301 lima
645 1237 811 1323 remordet,
830 1239 934 1306 habet.

278 1628 355 1731 An
380 1607 493 1728 Vita
515 1619 708 1751 confistat
726 1621 774 1722 in
799 1622 995 1726 Calore?

479 1774 769 1880 Affirmatur.

199 2050 360 2225 Dour
377 2027 504 2116 gelidam
518 2028 625 2113 linquit
638 2031 777 2115 patriam,
797 2026 1007 2117 Moschosque
1024 2033 1072 2098 tti-

423 2167 566 2253 umphos,

201 2281 204 2289 Ι
239 2314 280 2380 Et
296 2313 370 2398 petit
387 2320 521 2370 externas
531 2303 647 2389 Regius
663 2323 732 2370 erro
747 2303 867 2393 plrgns3

199 2450 319 2540 Spernit
333 2442 434 2508 lenem
443 2438 587 2523 haustum,
604 2443 772 2529 vinumque
788 2440 942 2528 ignobile:
963 2446 1057 2521 virtus

240 2587 354 2657 Herois
372 2597 453 2670 potu
471 2580 621 2646 nobiliore
641 2581 726 2647 calet.

198 2735 301 2803 Poscit
311 2726 464 2816 Nantefins
478 2722 572 2790 audax
583 2725 714 2790 conviva
727 2722 870 2811 liquores,

242 2872 282 2939 Et
293 2865 401 2954 cyatho
420 2860 524 2957 miscet
546 2860 712 2926 fervidiore
727 2860 822 2946 piper.

197 3008 284 3077 Hinc
299 3025 380 3071 novt
394 3002 598 3090 Hyperboreo
612 2957 708 3083 gliseit
723 2994 867 3062 violentia
888 3001 975 3084 regi3

238 3142 345 3226 Ardet,
362 3133 534 3207 &hostiles
550 3132 666 3218 proruit
676 3126 744 3194 ense
765 3126 884 3212 globos.

194 3282 324 3369 Fruiqu
340 3283 457 3364 Turcn,
475 3293 583 3342 moves
598 3271 715 3336 lunitus
731 3267 842 3356 praelia,
853 3263 970 3340 ¹frustra

233 3421 373 3513 Oppono
387 3417 508 3502 validas,
525 3413 633 3480 Suecin
643 3426 718 3497 tota,
738 3426 856 3476 manus.

1028 3519 1074 3591 Ur
