2517 4242
247 435 916 564 QJADRAGESIMALIA.
979 463 1050 542 141

183 601 309 667 Dustile
319 603 436 666 triticeo
445 602 587 687 butyrum
601 599 724 685 puluere
736 597 849 683 miscet,

199 790 203 794 .
223 695 466 824 Grutrneumque
477 737 567 802 habui
588 738 700 823 pollice
714 738 824 803 format
837 757 922 822 opus.

139 946 141 949 ¹
181 867 232 955 Ut
246 869 334 954 sapiat
346 873 434 954 bene,
450 892 555 956 pruna,
570 891 702 954 merum,
718 873 752 936 &
769 870 886 936 bellaria
900 871 1016 958 spargit,

221 1006 263 1077 Et
275 1011 379 1078 madet
394 1012 486 1077 infusa
502 1013 600 1079 flexile
610 1012 712 1099 gluten
727 1033 810 1098 aqua.

181 1151 282 1217 Mixtt
292 1171 415 1228 manent
428 1153 589 1238 elementa,
609 1174 702 1218 manu
716 1175 783 1239 quae
792 1152 888 1253 Sanga
903 1151 1029 1244 subegit,

220 1286 334 1352 Forma
354 1306 453 1354 tamen
464 1289 548 1375 nulli,
567 1311 635 1377 quae
650 1291 708 1357 fuit
721 1309 802 1376 ante,
821 1306 931 1356 manet.

172 1719 260 1820 -An
293 1680 454 1823 Omniu
488 1749 627 1860 agant
652 1747 838 1860 propter
866 1719 1058 1824 finem?

476 1910 771 2013 Affirmatur.

253 2144 353 2216 Estivt
370 2147 532 2215 instaurans
548 2168 659 2236 mtgno
676 2151 818 2215 convivia
839 2146 972 2237 sumptu,

246 2291 249 2295 ’
304 2269 353 2339 Ad
368 2290 490 2336 coenam
506 2269 643 2357 artifices,
657 2268 855 2356 *sextssune‚
874 2291 974 2338 vocat.

183 2411 276 2479 Venit
291 2411 329 2476 ab
343 2412 461 2496 attritis,
480 2412 595 2478 lunatus
606 2433 702 2496 crura,
720 2413 845 2479 lacernis

223 2551 338 2634 sartor,
357 2552 419 2618 &a
433 2551 520 2618 luteis
534 2554 639 2638 cerdo,
657 2573 791 2640 puerque
800 2552 885 2636 solis3

183 2687 223 2756 Et
249 2689 302 2774 qui
315 2688 442 2774 sopitam
457 2687 511 2755 scit
526 2709 602 2754 voce
616 2691 696 2756 ciere
705 2690 872 2771 juventam,

152 2841 155 2847 ’
222 2819 264 2885 Et
277 2818 373 2886 lestos
384 2819 464 2884 facili
473 2819 673 2908 composuisse
691 2840 791 2886 manu.

180 2953 265 3040 Qus
275 2972 367 3017 cocus
377 2923 523 3038 iustruxit,
541 2953 666 3040 dapibus
680 2971 763 3018 nunc
775 2948 902 3017 vescitur
912 2946 1037 3037 hospe23

222 3093 443 3183 cauponesque
462 3096 518 3160 suis
537 3097 588 3162 hic
601 3097 742 3165 maduere
756 3093 881 3182 scyphis.

427 3423 565 3482 *Horum
580 3421 686 3483 Multus
705 3421 733 3482 in
747 3439 808 3482 aere.
