2517 4242
269 465 919 576 QJADRAGESIMALIA.
979 498 1051 584 131

180 631 243 696 Hic
262 631 350 694 rubet
365 632 489 696 extenfis
501 631 617 716 serpens
636 634 740 696 arteria
753 629 820 717 filie,

223 771 441 856 Purpureoque
457 770 523 833 fluit
537 769 676 854 limpidus
686 791 775 835 amne
789 790 887 838 cruor.

180 902 249 969 Illic
267 901 412 966 livescunt
428 903 582 967 emananti
597 900 737 987 sanguine
752 910 851 986 venae,

222 1038 264 1102 Et
284 1053 405 1123 turgent
418 1040 510 1101 niveo
521 1037 614 1103 laitea
631 1037 696 1103 vasa
711 1039 818 1126 chylo:

180 1168 323 1237 Articulis
337 1169 449 1234 habiles
465 1185 581 1254 motus,
600 1171 737 1256 viresque
752 1169 918 1240 ministrans

227 1301 291 1366 Hic
305 1302 374 1367 albo
389 1322 497 1367 nervus
517 1304 637 1368 tramite
651 1303 744 1388 [ignat
761 1303 829 1371 iter.

183 1433 331 1499 Laetatur
343 1431 463 1497 tumido
483 1433 573 1498 foetus
588 1432 729 1515 proclivis
740 1436 772 1499 in
785 1451 883 1518 antro,

225 1571 267 1636 Et
282 1572 369 1636 matri
383 1570 490 1636 dubius
503 1571 635 1639 distrahit
645 1595 697 1640 ora
713 1574 810 1641 dolor.
944 1656 950 1665 x

184 1711 267 1777 Non
283 1710 388 1777 desunt
396 1716 493 1797 nervi,
512 1712 562 1777 sed
570 1728 671 1798 torpet
686 1715 791 1782 inutile
802 1714 983 1803 membrum,

230 1846 377 1935 Igneayis
390 1812 477 1912 mntu
488 1867 546 1912 nec
560 1846 678 1912 saliente
695 1849 797 1914 micat.

187 1981 243 2050 Est
253 1983 361 2048 animae
375 1981 467 2068 sedes,
486 1981 536 2049 sed
551 2004 615 2049 non
630 1981 675 2048 est
689 1983 787 2050 incola
799 1983 875 2070 sedi3

228 2117 284 2184 Est
302 2121 474 2206 cerebrum,
496 2120 619 2187 sednon
635 2120 748 2208 spiritus
766 2123 844 2187 intus
863 2125 932 2209 agit.

186 2250 300 2317 Uttibi
306 2248 431 2337 perfecti
444 2253 500 2319 fint
515 2275 632 2341 quaque
649 2275 687 2321 ex
696 2271 780 2343 parte
791 2251 919 2341 labores,

229 2397 387 2485 Mentem,
407 2399 532 2487 opifex,
548 2401 649 2489 addas,
670 2401 832 2490 ingeniose,
850 2405 947 2470 tum

189 2842 268 2945 An
293 2805 455 2972 lmago‘
469 2833 556 2939 Rei
583 2835 632 2935 in
648 2830 809 2940 Mente
834 2839 1061 2944 conveniat

227 3043 325 3107 cum
336 2995 507 3133 ObjeHo
521 3027 651 3103 extra
668 3000 908 3104 Mentem?
919 3005 1042 3136 Neg.

301 3253 648 3348 nmiuperLodoico
662 3254 743 3322 audit
748 3254 892 3343 pulfisque
899 3253 1016 3325 Batavis

361 3389 496 3480 Thynis,
513 3389 550 3459 ὅ(
561 3391 593 3455 in
603 3379 698 3459 triviis
716 3389 797 3475 regia
813 3384 892 3454 bella
902 3390 993 3456 canit.

1001 3527 1060 3602 En!
