2517 4242
302 424 952 543 QJADRAGESIMALIA.
1008 448 1067 537 45

184 601 309 689 Thyrsi,
329 600 437 685 inquit,
453 615 568 681 magnae
581 615 644 659 non
660 614 712 659 ora
727 592 859 679 agnoscis
869 593 985 659 Elizae?

225 736 293 803 En!
313 734 399 799 are‘to
414 732 552 820 amplexu
567 732 661 798 Biblia
674 731 759 798 Sacra
775 734 868 797 fovet.

183 874 267 941 Non
282 878 334 958 ite,
353 872 476 959 Thyrfis
484 873 539 956 ait3
562 892 652 957 quam
664 890 697 937 tu
707 873 763 937 tibi
778 871 863 957 fingis
873 870 1001 954 Elizam,

225 1009 316 1075 Arma
331 1006 382 1090 est,
400 1006 564 1091 virginibus
576 1008 706 1091 cingitur
720 1006 808 1071 ecee!
829 1003 894 1069 luis.

183 1148 318 1216 Venerat
328 1147 497 1233 Omnium,
516 1150 655 1231 memini,
678 1148 778 1213 litora
797 1146 922 1231 ferebat,

225 1286 291 1363 Ibat
307 1288 458 1355 foemineo
473 1289 513 1355 lic
524 1290 666 1353 comitata
685 1287 793 1353 choro.

184 1416 275 1505 Risit,
294 1413 381 1486 &m
402 1435 497 1482 caecas
508 1433 638 1501 mentes,
657 1416 809 1483 Fanaticus
829 1416 936 1503 inquit,

225 1557 323 1646 Virgo
335 1556 433 1625 Maria
442 1556 509 1622 haec
520 1555 565 1623 est
580 1557 722 1643 foemina,
742 1556 830 1642 Mrffa
845 1555 933 1623 liber.

179 1694 251 1781 Jam
269 1692 351 1763 celfis
366 1692 451 1759 Idola
462 1693 537 1759 locis
555 1692 732 1778 statuuntur,
754 1692 871 1757 easdem

223 1827 330 1895 Roma
345 1828 419 1894 colit
431 1831 585 1914 meretrix,
605 1828 833 1916 &Rhedycina
843 1828 936 1893 Deae.

182 2286 259 2385 An
286 2281 451 2384 Omnia
478 2309 616 2420 agant
643 2313 736 2426 per
767 2272 1061 2386 conradum?

400 2569 405 2577 ,
484 2456 769 2560 Affirmatur.

285 2704 373 2773 Icino
384 2724 422 2772 ex
436 2705 527 2773 hotto
541 2707 704 2773 redolentia
719 2724 810 2793 poma
826 2704 974 2791 Magistro

184 2715 271 2892 V
334 2838 478 2925 Arguitur
492 2860 596 2907 coram
610 2839 777 2926 surripuisse
792 2860 876 2927 puer.

182 2974 249 3061 Qui
260 2975 371 3045 fuerint
390 2983 531 3065 comites,
549 2982 719 3065 iterumque
733 2983 904 3065 iterumque
914 2993 1030 3064 rogatus
1036 2998 1049 3058 3

221 3115 348 3202 Nemo,
367 3120 474 3206 inquit,
493 3138 574 3186 certe
588 3143 695 3206 nemo,
714 3120 871 3208 Magister,
888 3135 959 3186 erat.

178 3248 316 3319 Diduett
332 3253 409 3319 hanc
425 3259 492 3339 rite,
511 3259 547 3325 &
561 3259 656 3345 politi
674 3256 741 3344 post
752 3275 870 3343 tergora
886 3256 965 3324 velie

217 3384 368 3472 Tollitur,
387 3408 464 3474 eque
480 3389 613 3455 humeris
632 3391 732 3457 flebile
744 3389 856 3477 pendet
872 3409 957 3456 onus.

1001 3522 1060 3589 Nil
