2517 4242
260 424 909 538 QJADRAGESIMALIA.
973 455 1046 536 1¹23

169 599 320 686 Tyndaris
332 593 451 679 indigna
462 593 517 678 est,
541 594 623 659 bello
642 614 732 683 quam
746 592 849 678 poscat
859 591 990 677 Atrides,
1076 550 1082 581 ¹

215 729 307 794 Sueta
320 727 408 790 nimis
423 723 495 790 casti
513 724 649 809 frangere
666 725 732 807 jura
755 726 827 789 tori:

171 867 249 931 Nee
267 865 334 949 tibi,
353 863 516 946 Priamide,
536 862 688 948 amplexus
705 865 852 948 promitte
870 858 988 941 fideles;
1040 837 1045 856 ⁸

213 1007 296 1072 Non
317 1020 431 1068 metuet
441 1000 584 1068 thalamos
603 1021 677 1066 mox
691 1003 803 1068 violare
819 1020 897 1074 tuos.

173 1143 228 1210 Est
247 1145 321 1208 mihi
341 1145 408 1207 bina
425 1141 510 1208 domi
525 1143 648 1225 conjux,
671 1163 741 1228 quas
756 1161 851 1223 nemo
866 1138 1010 1228 reposcet,'
1063 1182 1067 1188 -

214 1284 275 1348 Per
286 1282 396 1347 medias
410 1285 502 1368 rapiet
522 1282 619 1346 nullus
637 1283 751 1348 adulter
765 1302 868 1367 aquas:
959 1280 963 1285 ’

174 1423 278 1488 Altera
291 1422 428 1503 Trojano
441 1424 549 1502 juveni
563 1425 713 1489 mittatur:
735 1423 848 1509 Atrida,
902 1437 920 1465 ³
1027 1517 1032 1530 ι

216 1561 316 1628 Cedat
336 1564 368 1626 in
386 1562 536 1648 amplexus
551 1563 640 1628 altera
655 1562 788 1648 nympha
804 1579 882 1629 tuot.

173 1701 262 1769 Hinc
284 1701 396 1770 cessent
408 1702 485 1789 lites,
504 1703 691 1785 meJudice5
713 1703 947 1790 soeminacoepti

215 1840 324 1908 Caussa
334 1842 390 1910 fuit
401 1844 484 1930 belli,
502 1844 627 1909 foemina
645 1843 726 1930 pacis
740 1845 805 1908 erit.
975 1806 984 1908 f

171 2262 251 2361 An
275 2258 515 2400 „Quicquid
539 2214 750 2401 recipiam
769 2259 839 2360 ad
855 2255 1049 2386 Modum

187 2443 436 2584 recspientis
449 2426 723 2586 recipintar?
749 2443 1034 2544 Affirmatur.

205 2733 208 2738 ·
225 2689 382 2761 Ncumbit
397 2681 483 2757 tere'ti
500 2691 627 2791 Damon
642 2688 763 2777 agrestis
778 2690 879 2775 olivae,

285 2820 325 2886 Et
338 2817 436 2906 patula
450 2837 556 2884 raucos
574 2818 682 2902 accipit
695 2837 765 2882 aure
778 2815 876 2882 sonos.

172 2956 267 3044 Audi,
286 2957 406 3043 Thyrsi,
424 2957 531 3040 inquit,
550 2939 642 3041 qnam
657 2954 854 3021 tintinnabula
868 2953 1023 3040 clangunt!

214 3089 333 3156 Ordine
347 3107 436 3173 quarn
451 3085 583 3174 surgunt,
601 3068 751 3178 stantque,
771 3091 941 3178 caduntque
956 3091 1030 3158 suo!

173 3223 256 3291 Audi
266 3185 412 3287 dileitum
423 3222 522 3309 Lydes
532 3220 694 3292 resonantia
716 3229 846 3295 nomen!
915 3213 916 3216 ¹

217 3365 323 3458 Quam
345 3362 458 3428 elnam
476 3363 577 3452 Lydes
593 3386 710 3432 nomen
729 3371 768 3435 ab
783 3390 853 3438 arce
869 3370 970 3441 venit!

657 3513 699 3582 M
718 3534 741 3580 2
975 3510 1061 3584 Aure
1117 3565 1123 3571 .
