<?xml version="1.0" encoding="UTF-8"?>
<!DOCTYPE html PUBLIC "-//W3C//DTD XHTML 1.0 Transitional//EN"
    "http://www.w3.org/TR/xhtml1/DTD/xhtml1-transitional.dtd">
<html xmlns="http://www.w3.org/1999/xhtml" xml:lang="en" lang="en">
 <head>
  <title>
</title>
<meta http-equiv="Content-Type" content="text/html;charset=utf-8" />
  <meta name='ocr-system' content='tesseract 3.04.00' />
  <meta name='ocr-capabilities' content='ocr_page ocr_carea ocr_par ocr_line ocrx_word'/>
</head>
<body>
  <div class='ocr_page' id='page_1' title='image "./carminaquadrage00oxfogoog_0146.png"; bbox 0 0 2517 4242; ppageno 0'>
   <div class='ocr_carea' id='block_1_1' title="bbox 214 387 827 480">
    <p class='ocr_par' dir='ltr' id='par_1_1' title="bbox 214 387 827 480">
     <span class='ocr_line' id='line_1_1' title="bbox 214 387 827 480; baseline -0.015 -1"><span class='ocrx_word' id='word_1_1' title='bbox 214 393 290 480; x_wconf 87' lang='lat'>128</span> <span class='ocrx_word' id='word_1_2' title='bbox 461 387 827 471; x_wconf 88' lang='lat' dir='ltr'>CARMINA</span> 
     </span>
    </p>
   </div>
   <div class='ocr_carea' id='block_1_2' title="bbox 191 557 1066 1613">
    <p class='ocr_par' dir='ltr' id='par_1_2' title="bbox 206 557 888 782">
     <span class='ocr_line' id='line_1_2' title="bbox 206 557 859 645; baseline -0.008 -19"><span class='ocrx_word' id='word_1_3' title='bbox 206 557 334 626; x_wconf 72' lang='lat' dir='ltr'>Ultotnt</span> <span class='ocrx_word' id='word_1_4' title='bbox 345 578 452 642; x_wconf 84' lang='lat' dir='ltr'><strong>pueros</strong></span> <span class='ocrx_word' id='word_1_5' title='bbox 463 557 604 645; x_wconf 81' lang='lat' dir='ltr'>deceptus</span> <span class='ocrx_word' id='word_1_6' title='bbox 618 557 720 623; x_wconf 89' lang='lat' dir='ltr'>fraude</span> <span class='ocrx_word' id='word_1_7' title='bbox 731 557 859 642; x_wconf 83' lang='lat' dir='ltr'>maligna</span> 
     </span>
     <span class='ocr_line' id='line_1_3' title="bbox 248 695 888 782; baseline -0.006 -15"><span class='ocrx_word' id='word_1_8' title='bbox 248 701 344 767; x_wconf 85' lang='lat' dir='ltr'>Senfit</span> <span class='ocrx_word' id='word_1_9' title='bbox 359 700 397 767; x_wconf 90' lang='lat' dir='ltr'>ab</span> <span class='ocrx_word' id='word_1_10' title='bbox 413 698 535 765; x_wconf 74' lang='lat' dir='ltr'>excusso</span> <span class='ocrx_word' id='word_1_11' title='bbox 550 698 654 766; x_wconf 79' lang='lat' dir='ltr'>missus</span> <span class='ocrx_word' id='word_1_12' title='bbox 672 701 704 762; x_wconf 92' lang='lat' dir='ltr'>in</span> <span class='ocrx_word' id='word_1_13' title='bbox 722 695 796 762; x_wconf 81' lang='lat' dir='ltr'>astra</span> <span class='ocrx_word' id='word_1_14' title='bbox 806 697 888 782; x_wconf 86' lang='lat' dir='ltr'>sago:</span> 
     </span>
    </p>

    <p class='ocr_par' dir='ltr' id='par_1_3' title="bbox 209 836 930 1060">
     <span class='ocr_line' id='line_1_4' title="bbox 209 836 930 922; baseline -0.004 -16"><span class='ocrx_word' id='word_1_15' title='bbox 209 837 284 906; x_wconf 90' lang='lat' dir='ltr'>Nec</span> <span class='ocrx_word' id='word_1_16' title='bbox 295 838 359 904; x_wconf 81' lang='lat' dir='ltr'>satis</span> <span class='ocrx_word' id='word_1_17' title='bbox 374 838 455 922; x_wconf 81' lang='lat' dir='ltr'>hoc3</span> <span class='ocrx_word' id='word_1_18' title='bbox 469 836 572 903; x_wconf 83' lang='lat' dir='ltr'>mensa</span> <span class='ocrx_word' id='word_1_19' title='bbox 584 836 642 903; x_wconf 87' lang='lat' dir='ltr'>late</span> <span class='ocrx_word' id='word_1_20' title='bbox 653 837 807 922; x_wconf 71' lang='lat' dir='ltr'>ponustus</span> <span class='ocrx_word' id='word_1_21' title='bbox 822 858 930 905; x_wconf 84' lang='lat' dir='ltr'>acerna</span> 
     </span>
     <span class='ocr_line' id='line_1_5' title="bbox 253 971 905 1060; baseline 0 -20"><span class='ocrx_word' id='word_1_22' title='bbox 253 973 441 1060; x_wconf 85' lang='lat' dir='ltr'><strong>Supplicium</strong></span> <span class='ocrx_word' id='word_1_23' title='bbox 456 971 558 1058; x_wconf 85' lang='lat' dir='ltr'>rigidae</span> <span class='ocrx_word' id='word_1_24' title='bbox 573 972 631 1036; x_wconf 85' lang='lat' dir='ltr'>fert</span> <span class='ocrx_word' id='word_1_25' title='bbox 651 973 764 1057; x_wconf 87' lang='lat' dir='ltr'><strong>puerile</strong></span> <span class='ocrx_word' id='word_1_26' title='bbox 778 973 905 1040; x_wconf 83' lang='lat' dir='ltr'>scholae:</span> 
     </span>
    </p>

    <p class='ocr_par' dir='ltr' id='par_1_4' title="bbox 208 1107 949 1338">
     <span class='ocr_line' id='line_1_6' title="bbox 208 1107 949 1200; baseline 0.001 -22"><span class='ocrx_word' id='word_1_27' title='bbox 208 1111 277 1198; x_wconf 88' lang='lat' dir='ltr'>Jam</span> <span class='ocrx_word' id='word_1_28' title='bbox 291 1113 385 1195; x_wconf 81' lang='lat' dir='ltr'>virgae</span> <span class='ocrx_word' id='word_1_29' title='bbox 398 1107 557 1195; x_wconf 82' lang='lat' dir='ltr'>impatiens&#39;</span> <span class='ocrx_word' id='word_1_30' title='bbox 575 1109 673 1195; x_wconf 85' lang='lat' dir='ltr'>puetis</span> <span class='ocrx_word' id='word_1_31' title='bbox 687 1112 821 1177; x_wconf 84' lang='lat' dir='ltr'>convitia</span> <span class='ocrx_word' id='word_1_32' title='bbox 835 1112 949 1200; x_wconf 83' lang='lat' dir='ltr'>fundit3</span> 
     </span>
     <span class='ocr_line' id='line_1_7' title="bbox 254 1232 819 1338; baseline -0.005 -16"><span class='ocrx_word' id='word_1_33' title='bbox 254 1232 417 1338; x_wconf 85' lang='lat' dir='ltr'>Vicinique</span> <span class='ocrx_word' id='word_1_34' title='bbox 434 1268 537 1337; x_wconf 86' lang='lat' dir='ltr'>crepat</span> <span class='ocrx_word' id='word_1_35' title='bbox 549 1252 646 1337; x_wconf 81' lang='lat' dir='ltr'>jurgia</span> <span class='ocrx_word' id='word_1_36' title='bbox 661 1267 734 1318; x_wconf 87' lang='lat' dir='ltr'>nota</span> <span class='ocrx_word' id='word_1_37' title='bbox 750 1253 819 1319; x_wconf 87' lang='lat' dir='ltr'>fori.</span> 
     </span>
    </p>

    <p class='ocr_par' dir='ltr' id='par_1_5' title="bbox 191 1346 1066 1613">
     <span class='ocr_line' id='line_1_8' title="bbox 191 1346 1066 1478; baseline 0.003 -30"><span class='ocrx_word' id='word_1_38' title='bbox 191 1424 194 1448; x_wconf 79' lang='grc'><strong><em>.</em></strong></span> <span class='ocrx_word' id='word_1_39' title='bbox 214 1393 317 1478; x_wconf 73' lang='lat' dir='ltr'>Flagra</span> <span class='ocrx_word' id='word_1_40' title='bbox 327 1391 421 1454; x_wconf 81' lang='lat' dir='ltr'>minat</span> <span class='ocrx_word' id='word_1_41' title='bbox 432 1385 540 1450; x_wconf 85' lang='lat' dir='ltr'>misero</span> <span class='ocrx_word' id='word_1_42' title='bbox 555 1346 735 1472; x_wconf 62' lang='lat' dir='ltr'>extoruuent</span> <span class='ocrx_word' id='word_1_43' title='bbox 749 1391 872 1473; x_wconf 84' lang='lat' dir='ltr'>repetita</span> <span class='ocrx_word' id='word_1_44' title='bbox 881 1412 894 1470; x_wconf 79' lang='lat'>3</span> <span class='ocrx_word' id='word_1_45' title='bbox 918 1388 1066 1474; x_wconf 54' lang='lat' dir='ltr'>minanue</span> 
     </span>
     <span class='ocr_line' id='line_1_9' title="bbox 256 1518 1051 1613; baseline -0.004 -24"><span class='ocrx_word' id='word_1_46' title='bbox 256 1523 434 1613; x_wconf 76' lang='lat' dir='ltr'>Quntnagis</span> <span class='ocrx_word' id='word_1_47' title='bbox 450 1520 626 1604; x_wconf 84' lang='lat' dir='ltr'>ingeminat,</span> <span class='ocrx_word' id='word_1_48' title='bbox 648 1518 770 1607; x_wconf 78' lang='lat' dir='ltr'>vapulat</span> <span class='ocrx_word' id='word_1_49' title='bbox 784 1521 834 1587; x_wconf 89' lang='lat' dir='ltr'>ille</span> <span class='ocrx_word' id='word_1_50' title='bbox 849 1524 951 1608; x_wconf 84' lang='lat' dir='ltr'>magis.</span> <span class='ocrx_word' id='word_1_51' title='bbox 1050 1521 1051 1524; x_wconf 73' lang='grc'>’</span> 
     </span>
    </p>
   </div>
   <div class='ocr_carea' id='block_1_3' title="bbox 219 1965 1085 2240">
    <p class='ocr_par' dir='ltr' id='par_1_6' title="bbox 219 1965 1085 2240">
     <span class='ocr_line' id='line_1_10' title="bbox 219 1965 1085 2104; baseline -0.015 -25"><span class='ocrx_word' id='word_1_52' title='bbox 219 1977 296 2080; x_wconf 82' lang='lat' dir='ltr'>An</span> <span class='ocrx_word' id='word_1_53' title='bbox 318 1972 471 2074; x_wconf 84' lang='lat' dir='ltr'>Motus</span> <span class='ocrx_word' id='word_1_54' title='bbox 499 1965 712 2104; x_wconf 75' lang='lat' dir='ltr'>grauium</span> <span class='ocrx_word' id='word_1_55' title='bbox 731 1969 798 2104; x_wconf 86' lang='lat' dir='ltr'>fit</span> <span class='ocrx_word' id='word_1_56' title='bbox 826 1969 1011 2070; x_wconf 84' lang='lat' dir='ltr'>velocior</span> <span class='ocrx_word' id='word_1_57' title='bbox 1044 1967 1085 2066; x_wconf 81' lang='lat' dir='ltr'>iu</span> 
     </span>
     <span class='ocr_line' id='line_1_11' title="bbox 431 2135 1009 2240; baseline 0 -4"><span class='ocrx_word' id='word_1_58' title='bbox 431 2135 571 2238; x_wconf 79' lang='lat' dir='ltr'>Fine?</span> <span class='ocrx_word' id='word_1_59' title='bbox 607 2137 893 2240; x_wconf 87' lang='lat' dir='ltr'>Affirmatut.</span> <span class='ocrx_word' id='word_1_60' title='bbox 1008 2177 1009 2180; x_wconf 60' lang='lat'>‘</span> 
     </span>
    </p>
   </div>
   <div class='ocr_carea' id='block_1_4' title="bbox 220 2368 1090 3292">
    <p class='ocr_par' dir='ltr' id='par_1_7' title="bbox 220 2368 1090 3292">
     <span class='ocr_line' id='line_1_12' title="bbox 284 2368 1069 2473; baseline 0 -20"><span class='ocrx_word' id='word_1_61' title='bbox 284 2405 372 2453; x_wconf 73' lang='lat' dir='ltr'>aaut</span> <span class='ocrx_word' id='word_1_62' title='bbox 389 2405 448 2469; x_wconf 80' lang='lat' dir='ltr'>ego</span> <span class='ocrx_word' id='word_1_63' title='bbox 459 2382 614 2448; x_wconf 67' lang='lat' dir='ltr'>conduito</span> <span class='ocrx_word' id='word_1_64' title='bbox 628 2401 764 2467; x_wconf 89' lang='lat' dir='ltr'>peterem</span> <span class='ocrx_word' id='word_1_65' title='bbox 779 2407 851 2453; x_wconf 85' lang='lat' dir='ltr'>curn</span> <span class='ocrx_word' id='word_1_66' title='bbox 862 2408 929 2452; x_wconf 85' lang='lat' dir='ltr'>ruta</span> <span class='ocrx_word' id='word_1_67' title='bbox 942 2368 1069 2473; x_wconf 81' lang='lat' dir='ltr'>caballo,</span> 
     </span>
     <span class='ocr_line' id='line_1_13' title="bbox 338 2483 1011 2599; baseline 0.006 -26"><span class='ocrx_word' id='word_1_68' title='bbox 338 2508 373 2573; x_wconf 89' lang='lat' dir='ltr'>In</span> <span class='ocrx_word' id='word_1_69' title='bbox 390 2483 482 2599; x_wconf 77' lang='lat' dir='ltr'>prima</span> <span class='ocrx_word' id='word_1_70' title='bbox 494 2509 561 2592; x_wconf 90' lang='lat' dir='ltr'>cepi</span> <span class='ocrx_word' id='word_1_71' title='bbox 577 2506 664 2574; x_wconf 77' lang='lat' dir='ltr'>taedta</span> <span class='ocrx_word' id='word_1_72' title='bbox 678 2506 769 2595; x_wconf 86' lang='lat' dir='ltr'>longa</span> <span class='ocrx_word' id='word_1_73' title='bbox 786 2509 851 2576; x_wconf 81' lang='lat' dir='ltr'>via:</span> <span class='ocrx_word' id='word_1_74' title='bbox 982 2488 1011 2543; x_wconf 77' lang='lat'><em>⁰</em></span> 
     </span>
     <span class='ocr_line' id='line_1_14' title="bbox 220 2609 1090 2734; baseline -0.011 -12"><span class='ocrx_word' id='word_1_75' title='bbox 220 2652 425 2722; x_wconf 67' lang='lat' dir='ltr'>Cunctantem</span> <span class='ocrx_word' id='word_1_76' title='bbox 440 2666 522 2711; x_wconf 88' lang='lat' dir='ltr'>nunc</span> <span class='ocrx_word' id='word_1_77' title='bbox 537 2645 643 2712; x_wconf 88' lang='lat' dir='ltr'>hortor</span> <span class='ocrx_word' id='word_1_78' title='bbox 654 2667 776 2733; x_wconf 85' lang='lat' dir='ltr'><strong>equum,</strong></span> <span class='ocrx_word' id='word_1_79' title='bbox 796 2609 879 2714; x_wconf 84' lang='lat' dir='ltr'>nunc</span> <span class='ocrx_word' id='word_1_80' title='bbox 897 2645 975 2714; x_wconf 87' lang='lat' dir='ltr'>fuste</span> <span class='ocrx_word' id='word_1_81' title='bbox 991 2648 1090 2734; x_wconf 81' lang='lat' dir='ltr'>fatigo,</span> 
     </span>
     <span class='ocr_line' id='line_1_15' title="bbox 261 2783 933 2856; baseline -0.012 0"><span class='ocrx_word' id='word_1_82' title='bbox 261 2791 302 2856; x_wconf 87' lang='lat' dir='ltr'>Et</span> <span class='ocrx_word' id='word_1_83' title='bbox 317 2785 424 2854; x_wconf 90' lang='lat' dir='ltr'>crebro</span> <span class='ocrx_word' id='word_1_84' title='bbox 434 2785 577 2849; x_wconf 81' lang='lat' dir='ltr'>inflexum</span> <span class='ocrx_word' id='word_1_85' title='bbox 585 2783 709 2849; x_wconf 90' lang='lat' dir='ltr'>vulnere</span> <span class='ocrx_word' id='word_1_86' title='bbox 720 2783 817 2849; x_wconf 86' lang='lat' dir='ltr'>calcar</span> <span class='ocrx_word' id='word_1_87' title='bbox 832 2785 933 2850; x_wconf 86' lang='lat' dir='ltr'>hebet.</span> 
     </span>
     <span class='ocr_line' id='line_1_16' title="bbox 220 2923 1065 3012; baseline -0.002 -18"><span class='ocrx_word' id='word_1_88' title='bbox 220 2929 301 2994; x_wconf 90' lang='lat' dir='ltr'>Non</span> <span class='ocrx_word' id='word_1_89' title='bbox 312 2943 414 2992; x_wconf 88' lang='lat' dir='ltr'>tamen</span> <span class='ocrx_word' id='word_1_90' title='bbox 429 2923 478 2987; x_wconf 86' lang='lat' dir='ltr'>ille</span> <span class='ocrx_word' id='word_1_91' title='bbox 496 2926 587 3010; x_wconf 84' lang='lat' dir='ltr'>magis</span> <span class='ocrx_word' id='word_1_92' title='bbox 596 2938 746 3012; x_wconf 85' lang='lat' dir='ltr'>properat,</span> <span class='ocrx_word' id='word_1_93' title='bbox 765 2942 824 2988; x_wconf 86' lang='lat' dir='ltr'>nec</span> <span class='ocrx_word' id='word_1_94' title='bbox 834 2925 932 3010; x_wconf 84' lang='lat' dir='ltr'>pergit</span> <span class='ocrx_word' id='word_1_95' title='bbox 943 2923 1065 3011; x_wconf 79' lang='lat' dir='ltr'>eundo3</span> 
     </span>
     <span class='ocr_line' id='line_1_17' title="bbox 261 3029 1036 3154; baseline -0.006 -18"><span class='ocrx_word' id='word_1_96' title='bbox 261 3067 321 3136; x_wconf 87' lang='lat' dir='ltr'>Sed</span> <span class='ocrx_word' id='word_1_97' title='bbox 333 3040 449 3133; x_wconf 77' lang='lat' dir='ltr'>lentum</span> <span class='ocrx_word' id='word_1_98' title='bbox 467 3068 590 3154; x_wconf 81' lang='lat' dir='ltr'>peragit,</span> <span class='ocrx_word' id='word_1_99' title='bbox 610 3087 671 3154; x_wconf 93' lang='lat' dir='ltr'>quo</span> <span class='ocrx_word' id='word_1_100' title='bbox 688 3065 765 3154; x_wconf 87' lang='lat' dir='ltr'>pede</span> <span class='ocrx_word' id='word_1_101' title='bbox 781 3068 873 3152; x_wconf 85' lang='lat' dir='ltr'>cepit,</span> <span class='ocrx_word' id='word_1_102' title='bbox 891 3068 958 3132; x_wconf 85' lang='lat' dir='ltr'>iter.</span> <span class='ocrx_word' id='word_1_103' title='bbox 1032 3029 1036 3031; x_wconf 8' lang='grc' dir='ltr'><strong>Α</strong></span> 
     </span>
     <span class='ocr_line' id='line_1_18' title="bbox 220 3203 939 3292; baseline -0.014 -12"><span class='ocrx_word' id='word_1_104' title='bbox 220 3211 343 3285; x_wconf 88' lang='lat' dir='ltr'>Astubi</span> <span class='ocrx_word' id='word_1_105' title='bbox 362 3227 433 3273; x_wconf 87' lang='lat' dir='ltr'>nare</span> <span class='ocrx_word' id='word_1_106' title='bbox 451 3205 545 3271; x_wconf 82' lang='lat' dir='ltr'>redux</span> <span class='ocrx_word' id='word_1_107' title='bbox 562 3203 678 3270; x_wconf 87' lang='lat' dir='ltr'>subolet</span> <span class='ocrx_word' id='word_1_108' title='bbox 694 3203 939 3292; x_wconf 78' lang='lat' dir='ltr'>praelepesagaci‚</span> 
     </span>
    </p>
   </div>
   <div class='ocr_carea' id='block_1_5' title="bbox 260 3339 830 3432">
    <p class='ocr_par' dir='ltr' id='par_1_8' title="bbox 260 3339 830 3432">
     <span class='ocr_line' id='line_1_19' title="bbox 260 3339 830 3432; baseline -0.016 -15"><span class='ocrx_word' id='word_1_109' title='bbox 260 3344 373 3432; x_wconf 85' lang='lat' dir='ltr'>Incipit</span> <span class='ocrx_word' id='word_1_110' title='bbox 387 3340 425 3408; x_wconf 87' lang='lat' dir='ltr'>ad</span> <span class='ocrx_word' id='word_1_111' title='bbox 439 3339 538 3407; x_wconf 84' lang='lat' dir='ltr'>solitas</span> <span class='ocrx_word' id='word_1_112' title='bbox 553 3361 648 3428; x_wconf 83' lang='lat' dir='ltr'><strong>ocyus</strong></span> <span class='ocrx_word' id='word_1_113' title='bbox 668 3342 712 3406; x_wconf 88' lang='lat' dir='ltr'>ire</span> <span class='ocrx_word' id='word_1_114' title='bbox 730 3339 830 3430; x_wconf 82' lang='lat' dir='ltr'>dapes.</span> 
     </span>
    </p>
   </div>
   <div class='ocr_carea' id='block_1_6' title="bbox 1029 3476 1097 3565">
    <p class='ocr_par' dir='ltr' id='par_1_9' title="bbox 1029 3476 1097 3565">
     <span class='ocr_line' id='line_1_20' title="bbox 1029 3476 1097 3565; baseline -0.015 -16"><span class='ocrx_word' id='word_1_115' title='bbox 1029 3476 1097 3565; x_wconf 85' lang='lat' dir='ltr'>Jan</span> 
     </span>
    </p>
   </div>
   <div class='ocr_carea' id='block_1_7' title="bbox 0 0 1291 4242">
    <p class='ocr_par' dir='ltr' id='par_1_10' title="bbox 0 0 1291 4242">
     <span class='ocr_line' id='line_1_21' title="bbox 0 0 1291 4242; baseline 0 0"><span class='ocrx_word' id='word_1_116' title='bbox 0 0 1291 4242; x_wconf 95' lang='lat' dir='ltr'> </span> 
     </span>
    </p>
   </div>
  </div>
 </body>
</html>
