2517 4242
295 416 944 542 anouncnsrmanm.
1002 447 1049 506 21

190 581 307 677 Jamque
320 588 407 655 domi
421 607 514 654 vanos
531 585 631 673 satagit
648 606 793 653 renovare
803 585 934 672 dolores,

226 733 289 799 Fiet
303 731 431 796 nostem
446 727 599 810 insomnis,
617 745 676 792 nec
690 725 776 793 datur
790 726 848 793 ulla
862 731 954 815 quiea.
1048 782 1054 793 ,

184 859 251 934 Hos
265 872 342 934 inter
357 863 472 933 miserae
485 865 613 950 gemitus
626 861 827 949 lacrymasque
840 861 1028 949 querelasque

222 1004 285 1072 En!
308 1020 418 1091 procus
431 1001 505 1069 alter
518 997 607 1085 adesi,
625 1017 689 1066 cras
703 1017 784 1066 noua
798 1015 890 1087 nupta
901 997 981 1066 Clo'e‘
991 999 1044 1065 est.

180 1447 256 1547 An
266 1441 438 1547 Anima
443 1437 511 1579 stt
526 1467 621 1543 tota
643 1434 692 1564 in
710 1460 794 1536 toto
818 1432 880 1544 ἔθ’
892 1460 984 1536 tota
1006 1432 1056 1539 iu

180 1627 185 1641 “
259 1609 455 1753 qualibet
478 1606 653 1713 Parte?
689 1601 973 1707 Affirmatur.

176 1873 273 2053 U
282 1877 308 1928 'r
321 1859 423 1952 lepido
436 1854 527 1929 Vates
537 1859 644 1930 docuit
653 1875 709 1924 nos
724 1854 871 1940 carmine,
888 1853 993 1922 senfin

334 2002 490 2075 Verticem
503 2004 543 2071 ab
552 2000 692 2070 extremis
706 1999 828 2067 artubus
842 2001 937 2065 Alma
943 1999 1027 2087 petat

171 2130 241 2206 Dat
254 2138 389 2226 primum
402 2137 527 2228 pedmu
538 2153 680 2225 motum3
697 2156 771 2206 mox
781 2134 905 2225 crusque
913 2152 1054 2227 genuque

216 2263 374 2354 Occupet,
391 2265 428 2335 δι
441 2264 524 2334 sacili
533 2238 632 2336 ir'ersat
645 2279 807 2355 titumque
818 2265 921 2354 gradu,

171 2403 260 2474 Mor
274 2401 512 2474 circumcurre
531 2402 697 2491 precordia
712 2402 787 2473 ludit
796 2407 934 2492 ammtir,

220 2536 263 2605 Et
281 2535 367 2604 lento
379 2548 475 2605 torret
481 2534 626 2626 Phyllidis
642 2539 713 2626 igne
721 2539 818 2622 jecur.

172 2676 217 2744 At
233 2691 326 2765 caput
340 2679 497 2766 utingen,
517 2677 696 2766 cerebrique
709 2679 814 2766 palatia
828 2691 960 2767 captane,
1024 2678 1027 2684 '

216 2812 360 2881 Praesenti
371 2815 501 2901 imperio
513 2832 620 2882 caetere
635 2814 773 2880 membra
793 2816 879 2900 regit.

173 2950 274 3041 Hinc,
291 2952 405 3033 cumse
421 2943 526 3022 fidium
555 2969 663 3023 movet
681 2952 719 3022 ad
736 2951 943 3023 modulamina
964 2951 1046 3040 Lair,

214 3097 274 3165 Per
289 3114 392 3164 totum
407 3096 493 3175 fundi
507 3119 618 3188 corpur
632 3098 711 3166 anile
726 3112 830 3188 putem

173 3241 259 3310 Cum
277 3260 379 3310 tamen
401 3241 544 3312 indefessi
560 3241 661 3313 effutit
673 3247 770 3335 iurgia
790 3246 903 3335 lingua,

174 3397 177 3405 ·
210 3380 295 3449 Non
315 3382 410 3450 nium
431 3383 533 3452 credas
552 3381 638 3475 posse
650 3399 754 3453 tenere
771 3383 883 3452 locum.
1035 3413 1038 3417 ·

831 3573 845 3589 ,
997 3514 1054 3573 Aa
