2517 4242
204 421 281 508 106
450 420 817 508 CARMINA

196 576 259 646 His
273 582 374 647 saltem
396 580 522 645 flammis
551 586 743 670 cruciaberis,
763 585 917 675 Improbe,
936 591 1059 682 clamat,

243 721 400 810 Improbe,
420 743 490 788 nrm
504 725 636 790 flammis
655 725 719 792 sum
733 732 862 796 cruciata
881 737 949 800 tuis.

200 857 324 928 Crudeli
338 876 370 925 tu
386 863 465 946 tabe,
485 859 599 948 liquens
615 879 649 930 ut
663 885 742 950 cera,
761 865 925 954 liquesces3

239 997 325 1062 Nam
340 1019 392 1065 me
407 999 519 1065 crude'i
539 1005 608 1066 tabe
626 1002 743 1088 peredit
756 1024 853 1071 amor.

199 1134 318 1201 Frustra
327 1133 506 1202 Thessalicas
526 1150 657 1218 exerces,
690 1130 796 1222 Impia,
814 1133 963 1228 fraudes3·

206 1286 208 1291 ·
238 1270 319 1338 Non
334 1269 416 1336 ardet
422 1270 552 1354 juvenis,
570 1286 630 1336 nec
645 1271 720 1357 perit
731 1272 802 1358 igne
814 1287 881 1339 tuo.

197 1833 277 1934 An
311 1835 465 1936 Motus
505 1828 811 1965 Projeiiorum
841 1831 942 1966 fiat
986 1866 1074 1974 per

149 2077 156 2090 -
236 2001 507 2154 ,Impulfitm
530 2041 561 2103 a
583 2003 850 2136 Proficiente
884 2006 1073 2148 impres-
1095 2068 1101 2073 ·

253 2176 398 2300 sum?
442 2171 733 2281 Affirmatur.

194 2430 285 2606 V
295 2441 341 2487 os
363 2418 385 2486 ὂ
400 2424 451 2508 qui
467 2438 550 2511 grato
569 2387 742 2490 exercenrer
757 2426 897 2493 membra*
915 2421 1030 2510 labore,

219 2575 221 2583 ·
346 2551 465 2640 Optatis
481 2550 553 2617 belli
565 2550 657 2617 dicier
667 2567 729 2619 arte
749 2551 829 2639 pilae,

193 2679 291 2753 Fidite
305 2707 345 2751 ne
358 2682 486 2773 semper,
508 2687 560 2772 q'ui
574 2685 713 2772 provolat
727 2685 849 2769 obvius,
866 2684 957 2770 orbi,

233 2815 374 2903 Tyrones
382 2813 494 2883 dubios
504 2816 557 2882 hic
571 2816 666 2882 malus
686 2835 773 2881 error
791 2816 890 2882 habet.

191 2943 297 3013 Ambo
311 2964 419 3015 notent
432 2946 526 3013 oculo
537 2946 671 3014 dexmm
686 2945 819 3013 ferientis
833 2961 940 3030 acuto,

233 3083 337 3152 Ambo
355 3086 521 3174 suspiciant,
542 3103 577 3153 ut
590 3085 649 3173 pilu
660 3086 744 3154 miffc
758 3085 851 3156 volet.

191 3227 372 3316 Oppofitam
386 3227 491 3298 frustra
505 3229 599 3319 sperat
617 3231 792 3316 contingere
803 3242 930 3311 metam,

232 3363 299 3455 Qri
313 3385 378 3432 non
391 3382 461 3435 ante
474 3365 569 3450 videt,
586 3385 646 3454 que
663 3364 722 3453 pila
737 3362 844 3434 tundet
859 3362 1004 3436 humum.

983 3492 1062 3567 Cum
