2517 4242
226 426 277 521 86
492 434 863 519 CARMINA

224 607 278 674 Est
290 610 321 671 in
332 600 439 669 sronde
450 621 566 684 nemus,
584 601 719 687 solioque
735 602 787 667 sub
801 605 917 670 arboris
931 610 1021 673 omni

264 748 394 813 Haerent
413 743 572 830 indigenae,
592 765 682 830 parva
692 762 820 831 caterve,
839 749 922 816 ferae.

216 892 348 978 ‚sartoris
359 886 475 953 collum
489 885 579 972 pulex
593 886 757 972 depascitur
772 910 883 975 errans,

268 1025 379 1090 Pulicis
390 1019 498 1085 exultat
518 1036 637 1104 tergore
652 1022 738 1085 turba
753 1024 862 1087 minor.

221 1158 326 1246 Qum
343 1153 501 1221 numerosa
516 1152 627 1218 cohors
643 1150 735 1219 htitrt
749 1153 857 1221 sartore
869 1154 926 1224 sub
942 1160 1024 1227 uno!
1123 1164 1127 1171 '

261 1295 302 1362 Et
318 1310 409 1381 quota
422 1311 489 1379 pars
504 1290 575 1357 haec'
587 1289 632 1356 est
651 1290 738 1377 illins,
757 1292 807 1359 illc
827 1297 902 1364 viri!

221 1824 297 1929 An
340 1823 494 1923 Motus
533 1819 753 1919 naturalis
811 1848 847 1918 rt
886 1821 935 1922 in
967 1822 1093 1931 Initio

327 2004 513 2131 tardior,
559 2000 608 2101 in
665 2000 772 2103 Fine
817 2000 1018 2113 velocior.

504 2191 793 2297 Affirmatur.

271 2484 296 2530 rr
307 2480 352 2528 us
375 2463 451 2527 iners
466 2458 589 2546 baculis,
608 2461 644 2527 ὅ(
657 2464 736 2528 cruri
753 2464 870 2553 innirrus
885 2484 1011 2553 acerno,

325 2582 466 2652 Personat
484 2581 592 2648 affidua
609 2586 745 2671 compita
764 2602 835 2650 nota
851 2605 950 2671 prece.

222 2719 281 2786 Me
292 2714 447 2780 miserum!
464 2712 628 2796 exclamat,
646 2711 728 2776 chari
751 2710 928 2778 miserescite
938 2714 1036 2799 cives,

261 2854 341 2921 Haec
356 2873 415 2938 ego
432 2871 490 2937 pro
509 2850 597 2916 vobis
619 2848 743 2914 vulnera
758 2846 882 2914 honesta
898 2850 964 2939 tuli.

222 2992 330 3065 Militis
344 2992 498 3059 infandum
517 2990 607 3059 vestri
621 2990 713 3058 lenite
727 2990 877 3078 dolorem,

260 3133 311 3198 Sic
326 3133 414 3197 vobis
432 3138 571 3195 matrerm
586 3132 700 3216 integra
712 3134 859 3216 meinbra,
881 3146 1001 3220 precor.

218 3272 335 3340 Interea
347 3273 423 3357 repit
441 3271 539 3357 gressu
554 3271 700 3338 titubante
715 3292 769 3365 per
786 3274 906 3357 urbeur,

256 3404 298 3473 Et
316 3404 370 3470 fibi
384 3423 466 3470 nunc
490 3403 584 3490 furtu,
598 3423 685 3469 eune
697 3406 791 3491 pree'e
806 3408 912 3491 quaerit
922 3424 1009 3494 opes.

1014 3540 1097 3609 Mox
