2517 4242
305 396 953 513 QJADRAGESIMALIA.
1010 402 1059 513 83

177 567 298 657 Aspice,
316 568 397 631 utin
411 565 496 652 pejus
507 563 569 629 fato
584 562 713 659 sublapsa
730 563 862 629 ferantur

220 701 354 770 Omnia!
374 719 525 786 quamque
535 716 604 765 aetas
616 698 733 785 postera
748 700 835 768 cedat
851 701 930 769 avis!

179 845 336 936 Quantula
353 843 518 929 degeneres
538 840 707 929 producunt
725 845 791 909 vasa
809 844 953 931 nepotes!

221 981 467 1073 Qantulanunc
481 975 640 1048 homihum
657 1002 784 1068 corpora
800 999 876 1050 terra
892 982 992 1051 fovet!

180 1126 272 1193 Heu!
293 1125 402 1211 quibus
417 1124 449 1187 in
460 1124 544 1189 terris
553 1141 638 1186 nunc
650 1121 792 1207 amphora
807 1121 899 1204 prisca
910 1123 1062 1190 moratur?

221 1267 285 1333 Aut
299 1280 349 1331 tua
365 1282 427 1351 quo
444 1259 530 1349 fugit,
549 1263 671 1348 Haece,
692 1263 774 1330 diota
789 1267 905 1353 capax?

182 1403 366 1487 cantharus,
383 1399 502 1487 hospitii
514 1399 668 1467 summum
683 1374 787 1488 d'ecus,
806 1403 903 1471 exulat
913 1404 1004 1492 aulis3

225 1542 326 1627 Nigra
342 1542 374 1605 in
391 1541 535 1625 cauponis
551 1540 720 1607 nonhabet
742 1540 801 1608 olla
819 1543 938 1611 locum.

180 1671 318 1761 Angusto
339 1671 440 1738 miseri
467 1673 650 1738 cohibemur
664 1673 760 1739 limite
781 1677 874 1761 vitri3

224 1818 376 1905 Aridaque
390 1821 512 1905 exiguus
521 1817 633 1903 decipit
644 1838 704 1882 ora
722 1817 832 1903 liquor.

183 1959 336 2047 Antiquos
345 1982 403 2048 ego
418 1961 507 2027 laudo
529 1959 620 2044 senes,
641 1958 820 2046 animosque
838 1979 971 2048 capaces,

227 2092 269 2158 Et
283 2092 409 2179 largum,
427 2108 546 2162 veteres
565 2113 658 2179 quem
675 2090 816 2177 statuere,
835 2092 971 2159 modum.

193 2549 271 2647 An
283 2545 365 2648 duo
384 2549 578 2686 Corpora
590 2551 899 2689 poffintfimul
912 2554 996 2687 effe
1013 2554 1063 2655 in

331 2735 480 2836 eodem
503 2735 655 2836 Loco?
696 2744 922 2871 Negatur.

283 2977 408 3048 Rmatas
418 2982 531 3049 ducens
547 2985 636 3067 acies,
657 2985 693 3050 &
705 2981 798 3049 robur
808 2984 960 3053 Achivum

186 3186 189 3190 ยน
343 3111 413 3178 Rex
428 3113 573 3198 Macedo,
592 3112 714 3179 excidiis
729 3113 843 3181 Perfica
857 3123 1043 3207 regnapetit.

189 3242 302 3310 Darius
313 3242 372 3307 ruit
390 3240 515 3309 advcrfis
533 3240 688 3308 instrucms
708 3242 792 3327 Eois,

233 3379 332 3466 Inque
346 3398 450 3464 graves
472 3400 584 3467 pugnas
599 3379 702 3448 ultima
709 3378 813 3449 Bastra
828 3383 923 3451 trahit.

991 3521 1074 3592 Mox
