2517 4242
193 452 248 530 40
474 427 826 514 cannrrna

193 586 329 671 Rustica,
348 584 430 652 sume
444 593 576 675 anim0s3
596 610 661 656 non
675 591 726 657 hic
743 591 865 660 Titania
882 599 979 661 cernis

234 720 385 805 Monstra,
403 720 474 788 licet
484 723 590 789 Tellus
605 723 650 786 his
665 744 787 810 quoquc
798 746 896 798 mater
907 724 977 796 erat'.

191 851 341 918 Innocuaa
353 869 469 920 tantum
487 872 569 920 taxos
586 855 704 921 Natura
718 857 849 921 creavit:

232 995 374 1062 Humana
388 997 527 1081 geminus
547 995 636 1084 surgit
647 999 685 1063 ab
702 1014 763 1064 trte
779 996 882 1085 Gigas.

229 1483 304 1583 An
320 1479 526 1615 matusstt
548 1487 755 1606 menfiara
778 1480 1031 1626 Temporis?

485 1657 773 1760 Affirmatur.

287 1911 515 1993 venustianis,
533 1930 590 1974 nec
606 1906 703 1974 Musae
713 1907 828 1973 deditus
844 1907 897 1973 ulli

348 2041 513 2126 Multiplici
524 2038 649 2123 longum
668 2039 798 2102 conterit
812 2052 874 2102 arte
891 2034 987 2102 diem}

194 2174 291 2243 Mane
312 2199 396 2241 novo
412 2191 508 2262 captat
520 2175 646 2238 rorantis
665 2174 775 2258 frigora
786 2176 907 2260 campi3

233 2318 424 2402 septimaque
447 2315 478 2374 in
497 2311 579 2375 lento
598 2314 719 2397 ponitur
735 2311 809 2376 hora
828 2309 941 2396 gradu:

193 2445 312 2510 octava
327 2458 407 2505 notae
423 2439 572 2524 petitoria
587 2453 668 2524 grata
686 2440 819 2524 popinae,

235 2582 273 2647 N
275 2600 392 2664 onaque
403 2578 438 2643 ad
454 2575 581 2663 placidas
597 2575 678 2640 isidis
696 2591 773 2640 errat
788 2595 897 2660 aquas:

169 2741 171 2743 ’
192 2722 235 2787 At
249 2720 367 2784 decima
383 2719 474 2782 flores
489 2719 566 2779 inter
580 2712 748 2801 plantasque
762 2730 897 2799 vagatur,

233 2859 352 2926 Lustrat
368 2861 403 2924 &
420 2857 559 2922 arbor-cos
570 2835 848 2938 terque'quaterque
863 2853 973 2921 duces:

192 2998 367 3065 Undecima
383 2995 473 3060 celeri
486 3005 624 3078 properat
640 3009 695 3075 per
713 2993 846 3078 compita
857 2989 970 3076 gressu,

233 3139 273 3205 Et
288 3138 363 3201 redit
380 3135 417 3199 ad
434 3132 580 3213 modicas,
601 3146 707 3195 ventre
717 3146 874 3212 monente,
896 3130 998 3216 dapes.

192 3265 288 3334 Hunc
307 3285 378 3328 anus
393 3260 501 3326 assueta
521 3258 697 3322 redeuntem
714 3256 863 3339 conspicit
878 3255 965 3340 hora,

237 3400 277 3466 Et
287 3396 463 3485 prandendi,
478 3394 584 3478 inquit,
599 3391 662 3470 jatn
677 3386 879 3472 mihiternpus
891 3386 986 3454 adest.

994 3520 1073 3589 Non
