2517 4242
266 426 926 537 QJADRAGESIMALIA.
987 461 1061 547 143

182 981 262 1083 An
279 981 412 1103 Casus
439 973 710 1082 &Fortuna
749 1002 816 1078 mt
837 976 884 1078 in
908 966 1066 1078 rebus?

247 1151 250 1158 “
461 1147 753 1252 Affirmatur.

294 1417 366 1463 nis
390 1399 477 1483 inops
492 1400 590 1481 patriis
610 1400 634 1464 it
656 1399 886 1482 Whittingtonus
901 1405 940 1469 ab
954 1407 1027 1491 oris,

184 1416 285 1588 AE
345 1534 456 1620 Ignoto
466 1551 499 1602 ut
509 1536 614 1601 melius
629 1536 730 1603 littore
745 1554 858 1624 quaerat
879 1560 965 1627 opes,

184 1670 296 1736 Tristis
311 1673 368 1738 iter
380 1673 507 1738 dubium
519 1677 613 1760 carpit
627 1693 682 1759 per
704 1678 849 1761 compita,
869 1675 962 1742 felem

226 1809 431 1902 solamenque
443 1813 591 1890 malifert,
615 1815 821 1903 comitemun
840 1816 907 1880 viae.

185 1952 340 2039 Dumque
358 1954 511 2020 infelicem
523 1951 618 2020 versat
641 1952 695 2019 sub
712 1955 838 2040 pectore
850 1955 976 2040 sortem,

228 2089 301 2156 Hos
323 2093 459 2159 resonare
470 2108 553 2180 putat
568 2109 707 2180 tympana
721 2091 788 2157 laeta
807 2092 924 2158 modos.

188 2223 412 2315 Whittingtone,
430 2229 505 2316 redi,
527 2228 642 2295 summa
651 2244 696 2294 ter
706 2227 822 2296 Praetor
833 2230 865 2293 in
884 2229 971 2315 urbe,

233 2355 460 2443 miniatem,
478 2375 528 2424 tua
544 2382 609 2427 non
626 2361 687 2427 {ine
702 2359 761 2428 fele
771 2359 845 2426 redi.

187 2497 331 2594 Faustum
347 2503 467 2565 venturi
480 2500 563 2567 laetus
579 2505 657 2587 capit
673 2521 766 2567 omen
788 2502 931 2578 honoris,-

230 2639 382 2726 Coeptum
395 2641 508 2726 rumpit
523 2642 592 2727 iter,
611 2660 670 2705 nec
686 2641 747 2706 fine
763 2639 820 2704 fele
831 2637 919 2704 redit.

188 2773 307 2842 Omina
322 2798 387 2842 non
405 2775 521 2862 fallunt,
540 2777 654 2843 summa
669 2793 714 2842 ter
725 2775 841 2842 Praetor
856 2774 889 2837 in
906 2771 981 2837 urbe

230 2909 376 2996 Emicuit,
394 2931 505 2999 magno
519 2910 748 2998 conspiciendus
761 2931 851 2998 equo.

189 3036 235 3105 At
249 3038 305 3104 tibi
320 3058 360 3105 ne
376 3039 507 3141 plaudas,
525 3056 615 3106 tantae
625 3060 701 3106 cum
717 3018 829 3108 scilicet
845 3050 932 3105 autor

233 3179 317 3248 Non
331 3195 365 3249 tu
378 3179 519 3267 fortunae,
537 3179 590 3248 sed
608 3196 659 3248 tua
669 3180 733 3247 felis
748 3195 820 3249 erat.
