2517 4242
211 491 291 573 114
389 493 394 501 ·
483 447 839 549 eAnM1NA

205 626 296 695 Acris
311 629 349 695 ab
363 627 473 696 AEolio
487 626 628 694 stridebat
646 649 767 696 carcere
784 649 904 721 ventus,

245 756 348 843 Atque
362 755 443 823 stetit
458 755 545 823 densa
555 757 681 823 candida
692 775 768 826 terra
776 762 861 827 nive:

200 858 286 963 ‘Non
309 915 413 964 tamen
426 901 545 963 intrarat
562 899 749 984 penetrabile
767 899 858 988 frigus
869 906 900 968 in
919 922 1010 992 artus,
1066 878 1071 885 ¹

245 1031 320 1100 Nec
337 1034 462 1100 mordax
472 1031 608 1122 pulcram
622 1018 734 1102 laeserat
754 1057 823 1128 anta
839 1040 952 1106 entetn.
1038 1077 1041 1081 >

201 1133 313 1255 ‘Aspice
323 1140 537 1256 candentesque
546 1189 648 1256 genas,
667 1142 823 1259 vultusque
838 1173 976 1262 salubres,

244 1300 402 1387 Aspice&
417 1300 527 1366 aestivis
542 1300 652 1369 aemula
670 1303 748 1369 labra
765 1306 849 1372 tofis.

202 1435 301 1521 Unde
314 1437 365 1505 hic
379 1437 495 1502 lucenti
512 1442 606 1505 micat
623 1442 729 1525 igneus
743 1441 832 1508 ardor
853 1445 978 1518 inore?

242 1576 367 1647 Scilicet
381 1576 494 1644 ardenti
513 1575 566 1645 sub
577 1578 659 1662 Jove
673 1582 805 1668 nympha
824 1582 891 1650 fnit.

128 2002 132 2008 Ι
236 2029 315 2130 An
341 2030 527 2132 Natura
557 2028 678 2130 nihil
702 2059 808 2169 agat
828 2026 1035 2166 frustra?

534 2229 756 2356 Negatur.

193 2472 200 2490 '
307 2491 363 2537 uo
385 2471 504 2538 Natura
519 2469 631 2538 Parens
646 2475 757 2540 telluris
772 2475 877 2540 inutile
892 2472 1011 2561 pondus

199 2485 294 2699 Q
360 2599 508 2664 Formatit
518 2614 650 2682 montes,
670 2601 759 2683 impia
780 2599 867 2662 turba
882 2611 977 2680 rogat.

194 2738 351 2806 Demens!
375 2757 464 2823 qnam
475 2739 556 2803 varia
569 2751 661 2800 terras
676 2733 842 2823 gentesque
852 2754 907 2821 per
916 2734 1026 2798 orbem

234 2871 336 2938 A'e‘riae
354 2893 442 2958 rupes
462 2873 589 2937 utilitate
609 2871 713 2937 beant!
796 2876 799 2881 ’

192 2999 259 3068 Hic
276 3000 397 3066 summo
413 3000 525 3067 florent
538 2998 687 3066 umbrosae
707 3002 739 3065 in
758 3000 873 3067 vertice
887 2996 988 3089 sylvae,

233 3140 301 3209 Illic
319 3155 460 3207 armento
481 3141 588 3228 pabula
602 3143 670 3208 laeta
690 3161 781 3228 vago.

190 3246 361 3381 mereunt
380 3283 489 3350 fluetus
504 3302 558 3369 per
572 3285 656 3350 saxea
672 3274 740 3349 cola
756 3258 875 3365 marini,

230 3419 373 3506 Arvaque
387 3436 570 3507 peacurtunt
584 3397 709 3489 flumina
730 3419 826 3489 dulcis
836 3437 930 3506 aquae.
1031 3478 1034 3483 ,

986 3547 1070 3646 Qn
