2517 4242
255 417 906 529 Qinnnacnsmrnim.
973 394 1050 527 12'9

172 581 242 662 Jam
254 602 347 667 parco
361 579 492 665 stimulis,
511 583 585 646 tritis
594 582 660 660 jam
676 601 768 666 parco
786 580 919 666 flagellis:

216 677 356 803 imperiis
370 715 442 780 ultra
457 736 521 779 non
535 729 603 801 eget
621 715 671 780 ille
686 718 768 784 meis.
978 697 983 704 ⁵

177 852 223 917 Sit
237 849 379 934 stupidus,
402 849 436 911 fit
451 851 540 929 iners,
560 847 641 910 afino
661 848 695 911 fit
711 846 820 911 tardior
831 819 905 933 ips0,

215 991 291 1054 Fine
306 987 358 1050 sub
371 1007 508 1050 extremo
520 986 645 1071 Pegasus
657 989 729 1059 alter
740 989 805 1052 erit.
876 975 878 979 ’

259 1441 340 1538 'An
358 1435 485 1536 detur
505 1439 628 1538 Color
650 1439 698 1538 in
722 1438 956 1551 Tenebris?

416 1701 419 1704 ,
462 1598 721 1744 ,Negatun

176 1857 439 2042 Conveniunt
449 1873 561 1925 tenerae
571 1855 763 1924 nosternaad
774 1857 888 1927 lumina
896 1857 1048 1948 nymphae,

317 1965 505 2073 Exercetque
515 1984 597 2052 leves
610 1984 726 2052 stridula
743 1988 828 2052 turba
840 1987 939 2069 jocos.

171 2132 208 2199 In
221 2132 323 2200 medio
334 2132 454 2218 pontus,
473 2148 635 2216 pannoque
650 2123 798 2195 obdunus
813 2126 940 2213 ocellos,

209 2273 275 2358 Tu,
298 2255 398 2354 coin,
419 2270 490 2335 hinc
498 2272 634 2356 geminas
643 2270 785 2337 tendis&
800 2269 870 2336 inde
885 2288 1008 2355 manus3
1028 2247 1034 2253 ⁸
1111 2346 1117 2358 ,

172 2412 232 2498 Ut,
252 2380 372 2501 finuam
384 2411 442 2478 late
456 2411 572 2500 palpans
589 2414 774 2500 deprendere
789 2416 891 2502 poffis,

212 2552 365 2618 Officium
383 2553 484 2625 subeat
503 2568 575 2619 nota
585 2552 682 2640 puella
700 2570 803 2625 tuum:

169 2686 232 2753 Hae
246 2688 354 2774 rident,
373 2689 433 2755 five
444 2691 475 2752 in
492 2686 652 2773 cathedras,
675 2687 724 2753 seu
735 2685 831 2752 forsan
846 2688 876 2751 in
892 2687 994 2772 ignem

208 2827 321 2910 irruis,
343 2829 411 2895 haec
424 2828 520 2895 vestes
542 2826 672 2912 vellicat,
692 2826 740 2895 illa
757 2847 877 2892 comas:
1009 2813 1024 2824 ⁹

169 2971 310 3036 Tandem
326 2973 401 3036 flava
412 2971 503 3055 Cloe,
522 2993 580 3058 qna
592 2987 678 3058 porta
692 2969 828 3054 obversa,
846 2964 986 3035 latescena
1037 2936 1041 2941 Ι

176 3163 179 3170 ,
212 3110 323 3176 Incidit
338 3115 369 3176 in
380 3113 469 3177 casses
482 3113 580 3199 praeda
596 3115 687 3199 petita
699 3104 782 3179 tuni:

169 3239 255 3306 Dum
267 3243 370 3335 dextra
385 3243 495 3328 vestes,
514 3247 688 3312 &eburnea
704 3246 783 3313 colla
797 3245 948 3332 prehensae

207 3381 374 3465 Percurris,
395 3382 449 3447 risu
461 3383 576 3469 prodita
594 3369 728 3471 nympha
743 3400 832 3472 patet.

928 3513 1044 3584 Frustra
